@misc{meetupapi,
	author = {{Meetup Inc.}},
	title = {{Meetup API}},
	howpublished = "\url{https://www.meetup.com/meetup_api/}",
	year = 2017,
	note = "[Online; accessed 11-November-2017]"
}
